@book{Diestel2000,
address = {New York},
author = {Diestel, Reinhard},
edition = {2nd},
isbn = {0387989765},
pages = {87, 95 -- 97},
publisher = {Springer-Verlag},
title = {{Graph Theory}},
year = {2000}
}
@misc{Wiki,
author = {Wiki, Proof},
title = {{Five Color Theorem}},
url = {https://proofwiki.org/wiki/Five_Color_Theorem},
urldate = {2019-03-14}
}
@misc{Kevin,
author = {Kevin, Brown},
title = {{The Four Color Theorem}},
url = {https://www.mathpages.com/home/kmath266/kmath266.htm},
urldate = {2019-03-14}
}
