@misc{Klappenecker,
author = {Klappenecker, Andreas},
file = {:Users/lorenzorota/Documents/University/Jacobs University/Undergrad/Maths/Undergraduate Seminar/fermats-little-theorem/sources/rsa.pdf:pdf},
pages = {1--3},
title = {{The RSA Public-Key Cryptosystem}},
url = {http://faculty.cs.tamu.edu/klappi/csce222-s11/rsa.pdf}
}
@misc{Conrad,
author = {Conrad, Keith},
file = {:Users/lorenzorota/Documents/University/Jacobs University/Undergrad/Maths/Undergraduate Seminar/fermats-little-theorem/sources/eulerthm.pdf:pdf},
pages = {1--4},
title = {{Euler's theorem}},
url = {https://kconrad.math.uconn.edu/blurbs/ugradnumthy/eulerthm.pdf}
}
@book{Knuth1968,
author = {Knuth, Donald Ervin},
edition = {3rd},
isbn = {9780201896831},
pages = {39--41},
publisher = {Addison-Wesley},
title = {{The Art of Computer Programming, Vol. 1: Fundamental Algorithms}},
year = {1968}
}
@misc{Weisstein,
author = {Weisstein, Eric W.},
title = {{Residue Class}},
url = {http://mathworld.wolfram.com/ResidueClass.html},
urldate = {20-03-19}
}
